<record xmlns:xsi="http://www.w3.org/2001/XMLSchema-instance" xmlns="http://www.loc.gov/MARC21/slim" xsi:schemaLocation="http://www.loc.gov/MARC21/slim http://www.loc.gov/standards/marcxml/schema/MARC21slim.xsd">

  <leader>00436nam a2200133Ia 4500</leader>
  <datafield ind1=" " ind2=" " tag="090">
    <subfield code="a">CD #171</subfield>
  </datafield>
  <datafield tag="100" ind2=" " ind1=" ">
    <subfield code="a">Serrano García, Irma, ed.</subfield>
  </datafield>
  <datafield ind1=" " tag="245" ind2=" ">
    <subfield code="a">Dos décadas de desarrollo de la psicología social-comunitaria: de Puerto Rico al mundo / Irma Serrano García, ed.</subfield>
  </datafield>
  <datafield ind2=" " tag="260" ind1=" ">
    <subfield code="a">Puerto Rico: </subfield>
    <subfield code="b">Publicaciones Puertorriqueñas, </subfield>
    <subfield code="c"> 2008</subfield>
  </datafield>
  <datafield ind1=" " tag="300" ind2=" ">
    <subfield code="a">[disco compacto]</subfield>
  </datafield>
  <datafield ind1=" " ind2=" " tag="650">
    <subfield code="a">PSICOLOGIA</subfield>
  </datafield>
  <datafield tag="651" ind2=" " ind1=" ">
    <subfield code="a">PUERTO RICO</subfield>
  </datafield>
  <datafield tag="942" ind2=" " ind1=" ">
    <subfield code="p">002551 </subfield>
  </datafield>
  <datafield ind1=" " ind2=" " tag="999">
    <subfield code="c">2451</subfield>
    <subfield code="d">2451</subfield>
  </datafield>
</record>